@misc{ashrae-energy-prediction,
    author = {Addison Howard and Chris Balbach and Clayton Miller and Jeff Haberl and Krishnan Gowri and Sohier Dane},
    title = {ASHRAE - Great Energy Predictor III},
    year = {2019},
    howpublished = {\url{https://kaggle.com/competitions/ashrae-energy-prediction}},
    note = {Kaggle}
}

@article{ahmad2017random,
  title={Random forests and artificial neural network for predicting daylight illuminance and energy consumption},
  author={Ahmad, Muhammad Waseem and Mourshed, Monjur and Rezgui, Yacine},
  journal={Energy and Buildings},
  volume={158},
  pages={1089--1102},
  year={2017},
  publisher={Elsevier}
}

@Article{wang2018random,
AUTHOR = {Fang, Haizhou and Tan, Hongwei and Dai, Ningfang and Liu, Zhaohui and Kosonen, Risto},
TITLE = {Hourly Building Energy Consumption Prediction Using a Training Sample Selection Method Based on Key Feature Search},
JOURNAL = {Sustainability},
VOLUME = {15},
YEAR = {2023},
NUMBER = {9},
ARTICLE-NUMBER = {7458},
URL = {https://www.mdpi.com/2071-1050/15/9/7458},
ISSN = {2071-1050},
DOI = {10.3390/su15097458}
}


@inproceedings{chujai2013time,
  title={Time series analysis of household electric consumption with ARIMA and ARMA models},
  author={Chujai, Pasapitch and Kerdprasop, Nittaya and Kerdprasop, Kittisak},
  booktitle={Proceedings of the International MultiConference of Engineers and Computer Scientists},
  volume={1},
  pages={295--300},
  year={2013}
}

@article{Camara2016,
  author = {Camara, Abdoulaye and Feixing, Wang and Xiuqin, Liu},
  title = {Energy Consumption Forecasting Using Seasonal ARIMA with Artificial Neural Networks Models},
  journal = {International Journal of Business and Management},
  volume = {11},
  number = {5},
  year = {2016},
  pages = {92-100},
  doi = {10.5539/ijbm.v11n5p92},
  url = {https://www.ccsenet.org/journal/index.php/ijbm/article/view/57400}
}



@article{rahman2018predicting,
  title={Predicting building energy consumption using multivariate regression models},
  author={Rahman, Aowabin and Srikumar, Vivek and Smith, Amanda D},
  journal={Energy and Buildings},
  volume={174},
  pages={214--227},
  year={2018},
  publisher={Elsevier}
}

@article{siami2018performance,
  title={The performance of LSTM and BiLSTM in forecasting time series},
  author={Siami-Namini, Sima and Tavakoli, Akbar and Namin, Assef},
  journal={Proceedings of the IEEE International Conference on Big Data},
  year={2018},
  pages={3285--3292},
  publisher={IEEE}
}

@article{kong2019short,
  title={Short-term residential load forecasting based on LSTM recurrent neural network},
  author={Kong, Weicong and Dong, Zhao Yang and Jia, Youwei and Hill, David J and Xu, Yan and Zhang, Yuan},
  journal={IEEE Transactions on Smart Grid},
  volume={10},
  number={1},
  pages={841--851},
  year={2019},
  publisher={IEEE}
}

@article{kim2019predicting,
  title={Predicting residential energy consumption using CNN-LSTM neural networks},
  author={Kim, Taehoon and Lee, Dongeun and Choi, Juhyun and Others},
  journal={Energy},
  volume={182},
  pages={72--81},
  year={2019},
  publisher={Elsevier}
}

@article{deb2017review,
  title={A review on time series forecasting techniques for building energy consumption},
  author={Deb, Chirag and Zhang, Fan and Yang, Junjing and Lee, Siew Eang and Shah, Kwok Wei},
  journal={Renewable and Sustainable Energy Reviews},
  volume={74},
  pages={902--924},
  year={2017},
  publisher={Elsevier}
}


@Article{gao2018data,
AUTHOR = {Olu-Ajayi, Razak and Alaka, Hafiz and Owolabi, Hakeem and Akanbi, Lukman and Ganiyu, Sikiru},
TITLE = {Data-Driven Tools for Building Energy Consumption Prediction: A Review},
JOURNAL = {Energies},
VOLUME = {16},
YEAR = {2023},
NUMBER = {6},
ARTICLE-NUMBER = {2574},
URL = {https://www.mdpi.com/1996-1073/16/6/2574},
ISSN = {1996-1073}
}

@article{miller2020ashrae,
  title={ASHRAE Great Energy Predictor III: Competition Overview and Results},
  author={Miller, Clayton and Arjunan, Pandarasamy and Kathirgamanathan, Anjukan and Fu, Chun and Roth, Jonathan and Park, June Young and Balbach, Chris and Gowri, Krishnan and Nagy, Zoltan and Fontanini, Anthony D. and Haberl, Jeff},
  journal={Science and Technology for the Built Environment},
  year={2020},
  publisher={Taylor \& Francis},
  doi={10.1080/23744731.2020.1795514}
}








____



@article{khan2024image,
  author    = {Dinh, Thien N. and Thirunavukkarasu, Gokula S. and Seyedmahmoudian, Mehdi and Mekhilef, Saad and Stojcevski, Alex},
  title     = {Predicting Commercial Building Energy Consumption Using a Multivariate Multilayered Long-Short Term Memory Time-Series Model},
  journal   = {Applied Sciences},
  year      = {2023},
  volume    = {13},
  number    = {13},
  pages     = {7775},
  doi       = {10.3390/app13137775}
}


@inproceedings{svm_example,
  author    = {Boser, B. E. and Guyon, I. M. and Vapnik, V. N.},
  title     = {A Training Algorithm for Optimal Margin Classifiers},
  booktitle = {Proceedings of the Fifth Annual Workshop on Computational Learning Theory},
  pages     = {144--152},
  year      = {1992}
}

@article{rf_example,
  author    = {Breiman, L.},
  title     = {Random Forests},
  journal   = {Machine Learning},
  volume    = {45},
  number    = {1},
  pages     = {5--32},
  year      = {2001}
}

@inproceedings{alexnet,
  author    = {Krizhevsky, A. and Sutskever, I. and Hinton, G. E.},
  title     = {ImageNet Classification with Deep Convolutional Neural Networks},
  booktitle = {Advances in Neural Information Processing Systems},
  volume    = {25},
  year      = {2012}
}

@article{vgnet,
  author    = {Simonyan, K. and Zisserman, A.},
  title     = {Very Deep Convolutional Networks for Large-Scale Image Recognition},
  journal   = {arXiv preprint arXiv:1409.1556},
  year      = {2014}
}

@inproceedings{resnet,
  author    = {He, K. and Zhang, X. and Ren, S. and Sun, J.},
  title     = {Deep Residual Learning for Image Recognition},
  booktitle = {Proceedings of the IEEE Conference on Computer Vision and Pattern Recognition},
  pages     = {770--778},
  year      = {2016}
}

@inproceedings{densenet,
  author    = {Huang, G. and Liu, Z. and Van Der Maaten, L. and Weinberger, K. Q.},
  title     = {Densely Connected Convolutional Networks},
  booktitle = {Proceedings of the IEEE Conference on Computer Vision and Pattern Recognition},
  pages     = {4700--4708},
  year      = {2017}
}

@misc{kaggle2024intel,
  author    = {Bibo600},
  title     = {Intel Images Classification by CNN},
  year      = {2024},
  howpublished = {\url{https://www.kaggle.com/code/bibo600/intel-images-classification-by-cnn}},
  note      = {Accessed: 2025-01-04}
}


@misc{kaggle2023densenet,
  author    = {siddhant sindhkar},
  title     = {Intel Image Classification | DenseNet201},
  year      = {2023},
  howpublished = {\url{https://www.kaggle.com/code/siddhantsindhkar/intel-image-classification-densenet201}},
  note      = {Accessed: 2025-01-04}
}

@online{tensorboard,
    url  = "https://www.tensorflow.org/tensorboard"
}

@online{vanishing_grad,
    url = "https://stats.stackexchange.com/a/298793"
}

@online{g4g_lstm,
    url = "https://www.geeksforgeeks.org/understanding-of-lstm-networks/"
}
@online{medium_lstm,
    url = "https://medium.com/analytics-vidhya/lstms-explained-a-complete-technically-accurate-conceptual-guide-with-keras-2a650327e8f2"
}
@online{ref_num_units,
    url = "https://stats.stackexchange.com/questions/241985/understanding-lstm-units-vs-cells"
}
